@misc{bdrc,
  author       = {Schwarz, Wolfgang},
  title        = {Belief, Desire, and Rational Choice},
  howpublished = {\url{https://github.com/wo/bdrc/blob/master/bdrc.pdf}},
  date         = {2022-12-20}
}

@article{dogramaci,
  doi       = {10.1111/phis.12118},
  year      = {2018},
  month     = {sep},
  publisher = {Wiley},
  volume    = {28},
  number    = {1},
  pages     = {107--128},
  author    = {Sinan Dogramaci},
  title     = {Solving the Problem of Logical Non-Omniscience},
  journal   = {Philosophical Issues}
}

@inbook{oup,
  author    = {Titelbaum, Michael G.},
  title     = {Old Evidence and Logical Omniscience},
  pages     = {413--444},
  publisher = {Oxford University Press},
  booktitle = {Fundamentals of Bayesian Epistemology 2: Arguments, Challenges, Alternatives},
  year      = {2022}
}

@incollection{sep,
  author    = {Lin, Hanti},
  title     = {Bayesian Epistemology},
  booktitle = {The Stanford Encyclopedia of Philosophy},
  editor    = {Edward N. Zalta and Uri Nodelman},
  url       = {https://plato.stanford.edu/archives/fall2022/entries/epistemology-bayesian/},
  year      = {2022},
  edition   = {Fall 2022},
  publisher = {Metaphysics Research Lab, Stanford University}
}

@online{youtube,
  author = {Carneades.org},
  title  = {The Problem of Logical Omniscience (Bayesian Epistemology)},
  date   = {2015-02-22},
  url    = {youtu.be/pkGFSkGzg4M},
  note   = {YouTube video, 6:24}
}